%% LaTeX2e file `references.bib'
%% generated by the `filecontents' environment
%% from source `test' on 2016/12/15.
%%
@online{rapport_maxence,
  title = {Mémoire de stage : Étude d’OpenFlow dans le contexte de la sécurité},
  author = {Maxence Tury}
}
